@article{yukawa1950quantum,
  title={Quantum theory of non-local fields. {P}art {I}. {F}ree fields},
  author={Yukawa, Hideki},
  journal={Physical Review},
  volume={77},
  number={2},
  pages={219},
  year={1950},
  publisher={APS}
}